<?xml version="1.0" encoding="UTF-8"?>
<collection xmlns:xsi="http://www.w3.org/2001/XMLSchema-instance" xsi:schemaLocation="http://www.loc.gov/MARC21/slim http://www.loc.gov/standards/marcxml/schema/MARC21slim.xsd" xmlns="http://www.loc.gov/MARC21/slim">
<record>
  <leader>00778cam a2200217K  4500</leader>
  <controlfield tag="001">5367669</controlfield>
  <controlfield tag="003">NNC</controlfield>
  <controlfield tag="005">20050927210143.0</controlfield>
  <controlfield tag="008">880524s1968    iq c          000 0 arard</controlfield>
  <datafield tag="035" ind1=" " ind2=" ">
    <subfield code="a">(OCoLC)ocm17994783</subfield>
  </datafield>
  <datafield tag="035" ind1=" " ind2=" ">
    <subfield code="a">(NNC)5367669</subfield>
  </datafield>
  <datafield tag="040" ind1=" " ind2=" ">
    <subfield code="a">WAU</subfield>
    <subfield code="c">WAU</subfield>
    <subfield code="d">OCLCQ</subfield>
    <subfield code="d">ZCU</subfield>
  </datafield>
  <datafield tag="099" ind1=" " ind2=" ">
    <subfield code="a">956</subfield>
    <subfield code="a">Ir27 v.21</subfield>
  </datafield>
  <datafield tag="100" ind1="1" ind2=" ">
    <subfield code="a">Qishṭaynī, Muḥammad Nājī.</subfield>
  </datafield>
  <datafield tag="245" ind1="1" ind2="0">
    <subfield code="a">Min ʻuyūn al-shiʻr,</subfield>
    <subfield code="c">mukhtārāt Muḥammad Nājī al-Qishṭaynī.</subfield>
  </datafield>
  <datafield tag="260" ind1=" " ind2=" ">
    <subfield code="a">Baghdād,</subfield>
    <subfield code="b">Dār al-Jumhūrīyah,</subfield>
    <subfield code="c">1968.</subfield>
  </datafield>
  <datafield tag="300" ind1=" " ind2=" ">
    <subfield code="a">544 p.</subfield>
    <subfield code="b">ports.</subfield>
  </datafield>
  <datafield tag="490" ind1="1" ind2=" ">
    <subfield code="a">Iraq. Wizārat al-Thaqāfah wa-al-Irshād. Silsilat al-kutub al-ḥadīthah,</subfield>
    <subfield code="v">21</subfield>
  </datafield>
  <datafield tag="650" ind1=" " ind2="0">
    <subfield code="a">Arabic poetry.</subfield>
  </datafield>
  <datafield tag="810" ind1="1" ind2=" ">
    <subfield code="a">Iraq.</subfield>
    <subfield code="b">Wizārat al-Thaqāfah wa-al-Irshād.</subfield>
    <subfield code="t">Silsilat al-kutub al-ḥadīthah ;</subfield>
    <subfield code="v">21.</subfield>
  </datafield>
  <datafield tag="955" ind1=" " ind2=" ">
    <subfield code="b">0026812460</subfield>
    <subfield code="d">glx</subfield>
    <subfield code="e">956 Ir27 v.21</subfield>
  </datafield>
</record>
</collection>